@book{serway2013physics,
author = {Serway, R and Jewett, J},
isbn = {9781133954057},
publisher = {Cengage Learning},
title = {{Physics for Scientists and Engineers with Modern Physics}},
url = {http://books.google.com/books?id=wVqBa\_AR6nkC},
year = {2013}
}
